<?xml version = "1.0" encoding = "UTF-8"?><record>
  <leader>00851naa#a2200253#c#4500</leader>
  <controlfield tag="005">20210408215114.0</controlfield>
  <controlfield tag="007">tu</controlfield>
  <controlfield tag="008">070615|1972####gw############|||#|#fre#c</controlfield>
  <controlfield tag="003">DE-605</controlfield>
  <controlfield tag="001">990158298750206441</controlfield>
  <datafield tag="016" ind1="7" ind2=" ">
    <subfield code="a">1073972192</subfield>
    <subfield code="2">OCoLC</subfield>
  </datafield>
  <datafield tag="035" ind1=" " ind2=" ">
    <subfield code="a">(DE-605)TT002303245</subfield>
  </datafield>
  <datafield tag="040" ind1=" " ind2=" ">
    <subfield code="a">5/Inst</subfield>
    <subfield code="b">ger</subfield>
    <subfield code="c">5/Inst</subfield>
    <subfield code="d">5</subfield>
    <subfield code="e">rakwb</subfield>
  </datafield>
  <datafield tag="041" ind1=" " ind2=" ">
    <subfield code="a">fre</subfield>
  </datafield>
  <datafield tag="044" ind1=" " ind2=" ">
    <subfield code="c">XA-DE</subfield>
  </datafield>
  <datafield tag="100" ind1="1" ind2=" ">
    <subfield code="a">Will, Edouard</subfield>
    <subfield code="4">aut</subfield>
  </datafield>
  <datafield tag="245" ind1="1" ind2="0">
    <subfield code="a">Rome et les S&#233;leucides</subfield>
  </datafield>
  <datafield tag="264" ind1=" " ind2="1">
    <subfield code="c">1972</subfield>
  </datafield>
  <datafield tag="773" ind1="0" ind2="8">
    <subfield code="i">Enthalten in</subfield>
    <subfield code="t">Aufstieg und Niedergang der r&#246;mischen Welt. 1. Von den Anf&#228;ngen Roms bis zum Ausgang der Republik / hrsg. von Hildegard Temporini ...</subfield>
    <subfield code="d">Berlin [u.a.], 1972</subfield>
    <subfield code="g">Bd. 1. Politische Geschichte, S. 590-632</subfield>
    <subfield code="w">(DE-605)HT001967154</subfield>
  </datafield>
  <datafield tag="964" ind1="0" ind2="s">
    <subfield code="F">030</subfield>
    <subfield code="A">a|1uc||||||17</subfield>
  </datafield>
  <datafield tag="964" ind1="0" ind2="s">
    <subfield code="F">050</subfield>
    <subfield code="A">a|||||||||||||</subfield>
  </datafield>
  <datafield tag="964" ind1="0" ind2="s">
    <subfield code="F">051</subfield>
    <subfield code="A">at||||||</subfield>
  </datafield>
  <datafield tag="035" ind1=" " ind2=" ">
    <subfield code="a">(OCoLC)1073972192</subfield>
    <subfield code="0">(uri) http://www.worldcat.org/oclc/1073972192</subfield>
  </datafield>
  <datafield tag="035" ind1=" " ind2=" ">
    <subfield code="a">(DE-599)HBZTT002303245</subfield>
  </datafield>
  <datafield tag="MBD" ind1=" " ind2=" ">
    <subfield code="M">49HBZ_NETWORK</subfield>
    <subfield code="i">990158298750206441</subfield>
    <subfield code="n">HBZ Network</subfield>
  </datafield>
  <datafield tag="MNG" ind1=" " ind2=" ">
    <subfield code="c">System</subfield>
    <subfield code="f">ILS</subfield>
    <subfield code="i">marc21</subfield>
    <subfield code="k">01</subfield>
    <subfield code="e">false</subfield>
    <subfield code="d">2021-04-08 21:51:14 Europe/Berlin</subfield>
    <subfield code="g">015829875-HBZ01</subfield>
    <subfield code="j">60</subfield>
    <subfield code="a">import</subfield>
    <subfield code="b">2021-04-06 01:32:10 Europe/Berlin</subfield>
  </datafield>
</record>